<record><leader>00000cas a2200000 a 4500</leader><controlfield tag="001">23117218</controlfield><controlfield tag="008">910219d19421954couer pe      0    0eng c</controlfield><datafield ind1=" " ind2=" " tag="010"><subfield code="a">sn 91052108 </subfield></datafield><datafield ind1=" " ind2=" " tag="040"><subfield code="a">CNQ</subfield><subfield code="b">eng</subfield><subfield code="c">CNQ</subfield><subfield code="d">NVF</subfield><subfield code="d">OCL</subfield><subfield code="d">UPM</subfield><subfield code="d">UKMGB</subfield><subfield code="d">OCLCQ</subfield></datafield><datafield ind1="7" ind2=" " tag="016"><subfield code="a">013931663</subfield><subfield code="2">Uk</subfield></datafield><datafield ind1="0" ind2=" " tag="041"><subfield code="a">eng</subfield><subfield code="a">spa</subfield></datafield><datafield ind1=" " ind2=" " tag="042"><subfield code="a">pcc</subfield></datafield><datafield ind1=" " ind2=" " tag="043"><subfield code="a">n-us---</subfield></datafield><datafield ind1="1" ind2="4" tag="050"><subfield code="a">HD6515.M6</subfield><subfield code="b">M5</subfield></datafield><datafield ind1="0" ind2=" " tag="130"><subfield code="a">Union (Denver, Colo. : 1942)</subfield></datafield><datafield ind1="1" ind2="4" tag="245"><subfield code="a">The union.</subfield></datafield><datafield ind1="1" ind2="5" tag="246"><subfield code="a">Sindicato</subfield></datafield><datafield ind1=" " ind2=" " tag="260"><subfield code="a">Denver, Colo. :</subfield><subfield code="b">International Union of Mine, Mill and Smelter Workers</subfield></datafield><datafield ind1=" " ind2=" " tag="300"><subfield code="a">13 v. :</subfield><subfield code="b">ill. ;</subfield><subfield code="c">42-45 cm.</subfield></datafield><datafield ind1=" " ind2=" " tag="310"><subfield code="a">Biweekly,</subfield><subfield code="b">Mar. 15, 1943-1954</subfield></datafield><datafield ind1=" " ind2=" " tag="321"><subfield code="a">Weekly,</subfield><subfield code="b">1942-Mar. 1, 1943</subfield></datafield><datafield ind1="0" ind2=" " tag="362"><subfield code="a">Vol. 1, no. 1 (Apr. 6, 1942)-v. 13, no. 7 (July 5, 1954).</subfield></datafield><datafield ind1=" " ind2=" " tag="500"><subfield code="a">Published in Chicago, Ill., Feb. 21, 1945-Jan. 29, 1951.</subfield></datafield><datafield ind1=" " ind2=" " tag="530"><subfield code="a">Available on microfilm from the Colorado Historical Society.</subfield></datafield><datafield ind1=" " ind2=" " tag="546"><subfield code="a">Includes a Spanish section called: El Sindicato, Nov. 3, 1952-1954.</subfield></datafield><datafield ind1=" " ind2=" " tag="550"><subfield code="a">Official organ of the International Union of Mine, Mill, and Smelter Workers.</subfield></datafield><datafield ind1=" " ind2="0" tag="650"><subfield code="a">Miners</subfield><subfield code="x">Labor unions</subfield><subfield code="z">United States</subfield><subfield code="v">Periodicals.</subfield></datafield><datafield ind1=" " ind2="0" tag="650"><subfield code="a">Iron and steel workers</subfield><subfield code="x">Labor unions</subfield><subfield code="z">United States</subfield><subfield code="v">Periodicals.</subfield></datafield><datafield ind1=" " ind2="0" tag="650"><subfield code="a">Metal-workers</subfield><subfield code="x">Labor unions</subfield><subfield code="z">United States</subfield><subfield code="v">Periodicals.</subfield></datafield><datafield ind1="2" ind2=" " tag="710"><subfield code="a">International Union of Mine, Mill, and Smelter Workers.</subfield></datafield><datafield ind1="0" ind2="0" tag="785"><subfield code="a">Mine-mill union</subfield><subfield code="w">(DLC)sn 91052280</subfield><subfield code="w">(OCoLC)23226598</subfield></datafield><datafield ind1="1" ind2=" " tag="029"><subfield code="a">AU@</subfield><subfield code="b">000025862593</subfield></datafield></record>